@book{WassCDF,
    author = {Larry Wasserman},
    isbn = {978-0-387-21736-9},
    chapther = {2},
    pages = {20-23},
    publisher = {Springer New York, NY},
    title = {All of Statistics: A Concise Course in Statistical Inference},
    year = {2004},
}

@book{WassMLE,
    author = {Larry Wasserman},
    isbn = {978-0-387-21736-9},
    chapther = {9},
    pages = {122-126},
    publisher = {Springer New York, NY},
    title = {All of Statistics: A Concise Course in Statistical Inference},
    year = {2004},
}

@book{WassBootstrap,
    author = {Larry Wasserman},
    isbn = {978-0-387-21736-9},
    chapther = {8},
    pages = {108},
    publisher = {Springer New York, NY},
    title = {All of Statistics: A Concise Course in Statistical Inference},
    year = {2004},
}

@book{WassHypTest,
    author = {Larry Wasserman},
    isbn = {978-0-387-21736-9},
    chapter = {10},
    pages = {164},
    publisher = {Springer New York, NY},
    title = {All of Statistics: A Concise Course in Statistical Inference},
    year = {2004},
}

@book{WassNeymanPL,
    author = {Larry Wasserman},
    isbn = {978-0-387-21736-9},
    chapter = {10},
    pages = {170},
    publisher = {Springer New York, NY},
    title = {All of Statistics: A Concise Course in Statistical Inference},
    year = {2004},
}

@article{huelsenbeck1997phylogeny,
     author = {Huelsenbeck, John P. and Crandall, Keith A.},
     title = {Phylogeny Estimation and Hypothesis Testing Using Maximum Likelihood},
     journal = {Annual Review of Ecology and Systematics},
     volume = {28},
     pages = {437--466},
     year = {1997},
     doi = {10.1146/annurev.ecolsys.28.1.437}
}

@misc{iminuitBasics,
     author = {iminuit},
     title = {iminuit Documentation},
     howpublished = {\url{https://iminuit.readthedocs.io/en/stable/notebooks/basic.html}},
     year = {Accessed: September 2021}
}

@misc{iminuitmethod,
     author = {iminuit},
     title = {iminuit Documentation},
     howpublished = {\url{https://iminuit.readthedocs.io/en/stable/notebooks/cost_functions.html#Maximum-likelihood-fits}},
     year = {Accessed: September 2021}
}

@misc{iminuitCOST,
     author = {iminuit},
     title = {iminuit Documentation},
     howpublished = {\url{https://iminuit.readthedocs.io/en/stable/reference.html#module-iminuit.cost}},
     year = {Accessed: September 2021}
}

@misc{iminuitMigrad,
     author = {iminuit},
     title = {iminuit Documentation},
     howpublished = {\url{https://iminuit.readthedocs.io/en/stable/reference.html#iminuit.Minuit.migrad}},
     year = {Accessed: September 2021}
}

@misc{iminuitMinuit,
     author = {iminuit},
     title = {iminuit Documentation},
     howpublished = {\url{https://iminuit.readthedocs.io/en/stable/reference.html#minuit}},
     year = {Accessed: September 2021}
}

@misc{numba-stats,
    author = {Numba-Stats},
    title = {numba-stats},
    howpublished = {\url{https://pypi.org/project/numba-stats/}},
    year = {Accessed: September 2021}
}

@misc{scipy-integrate,
    author = {SciPy},
    title = {SciPy - Integration and ODEs},
    howpublished = {\url{https://docs.scipy.org/doc/scipy/reference/integrate.html}},
    year = {Accessed: September 2021}
}

@misc{scipy-stats,
    author = {SciPy},
    title = {SciPy - Statistical Functions},
    howpublished = {\url{https://docs.scipy.org/doc/scipy/reference/stats.html}},
    year = {Accessed: September 2021}
}
